@book{woods2012eurogames,
  title={Eurogames: The design, culture and play of modern European board games},
  author={Woods, Stewart},
  year={2012},
  publisher={McFarland}
}

@book{livingstone2019board,
  title={Board Games in 100 Moves},
  author={Livingstone, Ian and Wallis, James},
  year={2019},
  publisher={Penguin}
}

@misc{quinns2012youtube,
  author = {Smith, Quintin},
  year = {2012},
  title={SU\&SD Present: Board Gaming's Golden Age},
  url={https://vimeo.com/52293009},
  urldate = {2021-05-11}
}

@article{draper2019bgg,
  author  = {Draper, Kevin},
  year    = {2019},
  date    = {2019-08-01},
  title   = {Should Board Gamers Play the Roles of Racists, Slavers and Nazis?},
  journal = {New York Times},
  url     = {https://www.nytimes.com/2019/08/01/style/board-games-cancel-culture.html},
  urldate = {2021-05-11}
}